@Article{Phillips2011,
AUTHOR = {J. Phillips and M. Colvin and S. Newsam},
TITLE = {Validating clustering of molecular dynamics simulations using polymer models},
JOURNAL = {BMC Bioinformatics},
VOLUME = {12},
YEAR = {2011},
NUMBER = {1},
PAGES = {445-467},
}

@inproceedings{Tu2008,
 author = {T. Tu and C.A. Rendleman and D.W. Borhani and R.O. Dror
                  and J. Gullingsrud and M.O. Jensen and
                  J.L. Klepeis and P. Maragakis and P. Miller and
                  K.A. Stafford and S.E. Shaw},
 title = {A scalable parallel framework for analyzing terascale
                  molecular dynamics simulation trajectories},
 booktitle = {Proc. of the 2010 ACM/IEEE International Conference for
                  High Performance Computing, Networking, Storage and
                  Analysis (SC'08)},
 year = {2008},
} 


@ARTICLE{Best2002,
author={C. Best and H. C. Hege},
journal={Computing in Science Engineering},
title={Visualizing and identifying conformational ensembles in molecular dynamics trajectories},
year={2002},
volume={4},
number={3},
pages={68-75},
}



@Misc{bigdataweb,
  key       = {What does big data mean},
  title     = {What does big data mean},
  note      = {http://cacm.acm.org/blogs/blog-cacm/155468-what-does-big-data-mean/fulltext}
}

@INPROCEEDINGS{Bennett2012,
author={J. C. Bennett and H. Abbasi and P. T. Bremer and R. Grout and A. Gyulassy and T. Jin and S. Klasky and H. Kolla and M. Parashar and V. Pascucci and P. Pebay and D. Thompson and H. Yu and F. Zhang and J. Chen},
booktitle={Proc. of the 2012 ACM/IEEE International Conference for High Performance Computing, Networking, Storage and Analysis (SC'12)},
title={Combining in-situ and in-transit processing to enable extreme-scale scientific analysis},
year={2012},
pages={1-9},
}

@inproceedings{Lakshminarasimhan2013,
 author = {S. Lakshminarasimhan and D. A. Boyuka and S. V. Pendse and X. Zou andJ. Jenkins and V. Vishwanath and M. E. Papka and N. F. Samatova},
 title = {Scalable in situ scientific data encoding for analytical query processing},
 booktitle = {Proc. of the 22nd international symposium on High-performance parallel and distributed computing (HPDC'13)},
 year = {2013},
 pages = {1-12},
} 

@inproceedings{Cordeiro2011,
 author = {R. L. F. Cordeiro and C. Traina Jr and A. J. M. Traina and J. L\'{o}pez and U. Kang and C. Faloutsos},
 title = {Clustering very large multi-dimensional datasets with {MapReduce}},
 booktitle = {Proc. of the 17th ACM SIGKDD International Conference on Knowledge Discovery and Data Mining (KDD'11)},
 year = {2011},
 pages = {690-698},
} 

@inproceedings{Liu2013,
 author = {J. Liu and S. Byna and Y. Chen},
 title = {Segmented analysis for reducing data movement},
 booktitle = {Proc. of the  IEEE International conference on Big Data (BigData'13)},
 year = {2013},
 pages = {},

} 

@article{Pande2007,
author={D. L. Ensign and P. M. Kasson and V. S. Pande},
title = {Heterogeneity Even at the Speed Limit of Folding: Large-scale Molecular Dynamics Study of a Fast-folding Variant of the Villin Headpiece},
journal = {Journal of Molecular Biology },
volume = {374},
number = {3},
pages = {806-816},
year = {2007},

}

@book{Borg2009,
    author = {I. Borg and P. J. F. Groenen},
    edition = {2nd},
    publisher = {Springer},
    title = {Modern Multidimensional Scaling: Theory and Applications (Springer Series in Statistics)},
    year = {2005}
}

@Article{FCM,
  author    = {R. L. Cannon and J. V. Dave and J. C. Bezdek},
  title     = {Efficient Implementation of the Fuzzy C-Means Clustering Algorithms},
  journal   = {IEEE Transactions on Pattern Analysis and Machine Intelligence},
  volume    = {8},
  pages     = {248-255},
  year      = {1986},
}

@Article{Moler1995,
  author    = {Cleve Moler},
  title     = {Why there isn’t parallel Matlab},
  journal   = {Mathworks Newsletter},
  volume    = {00},
  pages     = {12},
  year      = {1995},
}

@book{Mooi2011,
    author = {E. Mooi and M. Sarstedt},
    publisher = {Springer},
    title = {A concise guide to market research: the process, data, and methods using {IBM} spas statistics},
    year = {2011}
}


@article{Hawkins08, 
  author={P.C.D. Hawkins and G.L. Warren and A.G. Skillman and
                  A. Nicholls},
  title={How to do an evaluation: pitfalls and traps},
  journal={J. Comp. Aided Molecular Design},
  year={2008},
  volume={22},
  pages={179-190}
}

@Misc{hadoopweb,
  key       = {Hadoop},
  title     = {Apache Hadoop},
  note      = {http://hadoop.apache.org/}
}

@Misc{rfamweb,
  key       = {RFAM},
  title     = {Rfam database},
  note      = {http://rfam.sanger.ac.uk/}
}
@article{Lee03,
  author={M.S. Lee and M. Feig and F.R. {Salsbury Jr.} and C.L. {Brooks III}},
  title={New analytic approximation to the standard molecular volume
                  definition and its application to generalized {B}orn
                  calculations},
  journal={J. Comput. Chem.},
  year={2003},
  volume={24},
  pages={1348-56}
}

@InProceedings{AndersonGRID04,
  author    = {D. P. Anderson},
  title     = {{BOINC}: A System for Public-Resource Computing and Storage.},
  booktitle = {Proc. of the 5th IEEE/ACM Int. Workshop on Grid Computing},
  year      = {2004},
}

@inproceedings{Sampath:2010,
 author = {R.S. Sampath and H. Sundar and S.K. Veerapaneni},
 title = {Parallel Fast {G}auss Transform},
 booktitle = {Proc. of the 2010 ACM/IEEE International
                  Conference for High Performance Computing,
                  Networking, Storage and Analysis (SC)},
 year = {2010},
} 

@article{Taufer2009,
    author      = {M. Taufer and R.S. Armenand and J. Chen and
                  P.J. Teller and C.L. Brooks III},
    title       = {Computational multiscale modeling in
                  protein--ligand docking},
    journal     = {IEEE Eng. in Medic. and Biol. Society},
    volume      = {28},
    number      = {2},
    pages       = {58-69},
    year        = {2009},
}

@InProceedings{estrada:pcbcb:2010,
    author      = {T. Estrada and R. Armen and M. Taufer},
    title       = {Automatic Selection of Near-Native Protein-Ligand
                  Conformations Using a Hierarchical Clustering and
                  Volunteer Computing},
    booktitle   = {Proceedings of the First {ACM} International
                  Conference on Bioinformatics and Computational
                  Biology (BCB)},
    year        = {2010}
}

@InProceedings{dean:sosdi:2004,
    author      = {J. Dean and S. Ghemawat},
    title       = {{MapReduce}: Simplified Data Processing on Large
                  Clusters},
    booktitle   = {Proc. of the 6th conference on Symposium on
                  Opearting Systems Design and Implementation},
    year        = {2004}
}

@article{Jain2008,
    author      = {A.N. Jain},
    title       = {Bias, Reporting, and Sharing: Computational Evaluations of Docking Methods},
    journal     = {J Comp. Aided Molecular Design},
    volume      = {22},
    pages       = {201-212},
    year        = {2008},
}
    
@article{Roche2001,
    author      = {O. Roche and  R. Kiyama and C.L. Brooks III},
    title       = {{Ligand-Protein DataBase}: Linking Protein-Ligand
                  Complex Structures to Binding Data},
    journal     = {J. Med. Chem.},
    volume      = {44},
    number      = {22},
    pages       = {3592-3598},
    year        = {2001},
}

@Article{Lorenzen_2007,
  author    = {S. Lorenzen and Y. Zhang},
  title     = {Identification of Near-Native Structures by Clustering
                  Protein Docking Conformations},
  journal   = {PROTEINS: Structure, Function, and Bioinformatics},
  volume    = {68},
  pages     = {187-194},
  year      = {2007},
}

@Article{Bouvier_2009,
  author    = {G. Bouvier and N. Evrard-Todeschi and J. P. Girault and G. Bertho},
  title     = {Automatic Clustering of Docking Poses in Virtual
                  Screening Process using Self-Organising Map},
  journal   = {Bioinformatics Advance Access},
  year      = {2009},
}

@Article{Yang_2008,
  author    = {Y. Shen and I. C. Paschalidis and P. Vakili and S. Vajda},
  title     = {Protein Docking by the Underestimation of Free Energy
                  Funnels in the Space of Encounter Complexes},
  journal   = {PLOS Comp. Biology},
  volume    = {4},
  year      = {2008},
}

@Article{Liang_2008,
  author    = {S. Liang and G. Wang and Y. Zhou},
  title     = {Refining Near-Native Protein-Protein Docking Decoys by
                  Local Resampling and Energy Minimization},
  journal   = {PROTEINS: Structure, Function, and Bioinformatics},
  pages     = {309-316},
  year      = {2008},
}

@Article{Chang_2008,
  author    = {M.W. Chang and R.K. Belew and K.S. Carroll and
                  A.J. Olson and D.S. Goodsell},
  title     = {Empirical entropic contributions in computational
                  docking: Evaluation in {APS} reductase complexes},
  journal   = {Journal of Computational Chemistry},
  volume    = {29},
  pages ={1753-1761},
  year = {2008}
}


@inproceedings{Schlosser:2008,
 author = {S.W. Schlosser and M.P. Ryan and R. Taborda and
                  J. L\'{o}pez and D.R. O'Hallaron and J. Bielak},
 title = {Materialized community ground models for large-scale
                  earthquake simulation},
 booktitle = {Proc. of the 2010 ACM/IEEE International Conference for
                  High Performance Computing, Networking, Storage and
                  Analysis (SC)},
 year = {2008},
} 

@inproceedings{Lashuk:2009,
 author = {I. Lashuk and A. Chandramowlishwaran and H. Langston and
                  T. Nguyen and R. Sampathl and A. Shringarpure and
                  R. Vuduc and L. Ying and D. Zorin and G. Biros},
 title = {A massively parallel adaptive fast-multipole method on
                  heterogeneous architectures},
 booktitle = {Proc. of the 2010 ACM/IEEE International Conference for
                  High Performance Computing, Networking, Storage and
                  Analysis (SC)},
 year = {2009},
} 

@article{Milletti:2010,
author = {F. Milletti and A. Vulpetti},
title = {Predicting Polypharmacology by Binding Site Similarity: From
                  Kinases to the Protein Universe},
journal = {J. Chem. Info. and Modeling},
volume = {50},
number = {8},
pages = {1418-1431},
year = {2010},
}


@InProceedings{LiconBICOB10,
  author    = {A. Licon and M. Taufer and M.-Y. Leung and K. L. Johnson},
  title     = {A Dynamic Programming Algorithm for Finding the Optimal
                  Segmentation of an RNA Secondary Structure
                  Prediction},
  booktitle = {Proc. of the International Conference on Bioinformatics
                  and Computational Biology (BICoB)},
  year      = {2010},
}


@InProceedings{TauferHiCOMB10,
  author    = {M. Taufer and T. Solorio and A. Licon and D. Mireles and M.-Y. Leung},
  title     = {On the Effectiveness of Rebuilding {RNA} Secondary
                  Structures from Sequence Chunks},
  booktitle = {Proc. of the Seventh IEEE International Workshop on
                  High Performance Computational Biology},
  year      = {2008},
}

@article{TauferPC08,
author = {M. Taufer and M.-Y. Leung and T. Solorio and A. Licon and
                  D. Mireles and R. Araiza and K.L. Johnson},
title = {{RNAVL}ab: A Virtual Laboratory for Studying RNA Secondary
                  Structures based on Grid Computing Technology},
journal = {J. Parallel Computing},
volume = {34},
number = {11},
pages = {661-680},
year = {2008},
}

@article{Thain05,
author = {D. Thain and T. Tannenbaum and M. Livny},
title = {Distributed computing in practice: the {C}ondor experience},
journal = {J. Concurrency and Computation: Practice and  Experience},
volume = {17},
number = {2-4},
pages = {323 - 356},
year = {2005},
}

@article{Reeder04,
author = {J. Reeder and R. Giegerich},
title = {Design, implementation, and evaluation of a practical
                  pseudoknot folding algorithm based on
                  thermodynamics},
journal = {BMC Bioinform},
volume = {5},
pages = {104-104},
year = {2004},
}

@article{Hong12,
author = {D. Hong and A. Rhie and S.-S. Park and J. Lee and Y. S. Ju
                  and S. Kim and S.-B. Yu and T. Bleazard and
                  H.-S. Park and H. Rhee and H. Chong and K.-S. Yang
                  and Y.-S. Lee and I.-H. Kim and J. S. Lee and
                  J.-I. Kim and J. S. Seo},
title = {{FX}: an {RNA-S}eq analysis tool on the cloud},
journal = {Bioinformatics},
volume = {28},
number = {5},
pages = {721-723},
year = {2012},
}

@article{Langmead11,
author = {B. Langmead and K. D. Hansen and J. T. Leek},
title = {Cloud-scale {RNA}-sequencing differential expression analysis
                  with {M}yrna},
journal = {Genome Biology},
volume = {11},
pages = {R83},
year = {2011},
}

@InProceedings{DanielBCB12,
  author    = {D. Yehdego and V. Kodimala and S. Viswakula and
                  B. Zhang and R. Vegesna and K. Johnson and M. Taufer
                  and M.-Y. Leung},
  title     = {Poster: Secondary structure predictions for long RNA
                  sequences based on inversion excursions},
  booktitle = {Proc. the ACM Conference on Bioinformatics,
                  Computational Biology and Biomedicine (BCB)},
  year      = {2012},
}

@article{Finnegan03,
author = {E. J. Finnegan and M. A. Matzke},
title = {The small {RNA} world},
journal = {J. Cell Science},
volume = {116},
number = {23},
pages = {4689-4693},
year = {2003},
}

@article{Thiel03,
author = {V. Thiel and K. A. Ivanov and A. Putics and T. Hertziq and
                  B. Schelle and S. Bayer and B. Weissbrich and
                  E. J. Snijder and H. Rabenau and H. W. Doerr and
                  A. E. Gorbalenya and J. Ziebuhr},
title = {Mechanisms and enzymes involved in {SARS} coronavirus genome
                  expression},
journal = {J. General Virology},
volume = {84},
number = {Pt 9},
pages = {2305-2315},
year = {2003},
}

@article{Ren05,
author = {J. Ren and B. Rastegari and A. Condon and H. H. Hoos},
title = {{HotKnots: H}euristic prediction of {RNA} secondary
                  structures including pseudoknots},
journal = {RNA},
volume = {11},
number = {},
pages = {1494‚Äì1504},
year = {2004},
}

@article{Brierley07,
author = {I. Brierley and S. Pennell and R. J. Gilbert},
title = {Viral RNA pseudoknots: versatile motifs in gene expression
                  and replication},
journal = {Nature Reviews Microbiology},
volume = {5},
number = {8},
pages = {598-610},
year = {2007},
}

@article{Nussinov1980,
author = {R. Nussinov and A. B. Jacobson},
title = {Fast algorithm for predicting the secondary structure of single stranded RNA},
journal = {Proceedings of the National Academy of Sciences of the United States of America},
volume = {77},
number = {11},
pages = {6309-6313},
year = {1980},
}

@article{Sankoff1985,
author = {D. Sankoff},
title = {Simultaneous solution of the RNA folding,alignment and protosequence problems},
journal = {SIAM Journal on Applied Mathematics},
volume = {45},
number = {5},
pages = {810-825},
year = {1985},
}

@article{Zuker2003,
author = {M. Zuker},
title = {Mfold web server for nucleic acid folding and hybridization prediction},
journal = {Nucleic Acids Research},
volume = {31},
number = {13},
pages = {3406-3415},
year = {2003},
}

@article{Rivas1999,
author = {E. Rivas and S. R. Eddy},
title = {A dynamic programming algorithm for RNA structure prediction including pseudoknots},
journal = {Journal of Molecular Biology},
volume = {285},
number = {5},
pages = {2053-2568},
year = {1999},
}

@article{Dirks2004,
author = {R. M. Dirks and N. A. Pierce},
title = {An algorithm for computing nucleic acid base-pairing probabilities including pseudoknots},
journal = {Journal of Computational Chemistry},
volume = {25},
number = {10},
pages = {1295-1304},
year = {2004},
}


@article{Rosskopf2010,
author = {J. J. Rosskopf and J. H. Upton 3rd and L. Rodarte and T. A. Romero and M.-Y. Leung and M. Taufer and K. L. Johnson},
title = {A 3' terminal stem-loop structure in Nodamura virus RNA2 forms an essential cis-acting signal for RNA replication},
journal = {Virus Research},
volume = {150},
number = {1-2},
pages = {12-21},
year = {2010},
}

@Misc{embossweb,
  key       = {EMBOSS},
  title     = {Emboss-palindrome},
  note      = {http://emboss.bioinformatics.nl/cgi-bin/emboss/palindrome}
}

@article{Karlin1990,
author = {S.l Karlin and A. Dembo and T. Kawabata},
title = {Statistical Composition of High-Scoring Segments from Molecular Sequences},
journal = {Annals of Statistics},
volume = {18},
number = {2},
pages = {571-581},
year = {1990},
}

@article{Chew2007,
author = {D. S. Chew and M.-Y. Leung and K. P. Choi1},
title = {AT excursion: a new approach to predict replication origins in viral genomes by locating AT-rich regions},
journal = {BMC Bioinformatics},
volume = {8},
number = {},
pages = {163},
year = {2007},
}


@article{Griffiths2005,
author = {S. Griffiths-Jones and S. Moxon and M. Marshall and A. Khanna1 and S. Eddy and A. Bateman},
title = {Rfam: annotating non-coding RNAs in complete genomes},
journal = {Nucleic Acids Research},
volume = {33},
number = {suppl1},
pages = {D121-D124},
year = {2005},
}

@Book{Rbook08,
 author    = {R Development Core Team},
 title     = {R: A language and environment for statistical computing},
 publisher = {R Foundation for Statistical Computing},
 year      = {2008},
 edition   = {},
 address   = {Vienna, Austria},
}

@Book{Conover80,
 author    = {W. J. Conover},
 title     = {Practical Nonparametric Statistics},
 publisher = {John Wiley \& Sons, Inc.},
 year      = {1980},
 edition   = {2},
 address   = {New York, NY},
}




@article{Ren2005,
author = {J. Ren and B. Rastegari and A. Condon and H. H. Hoos},
title = {HotKnots: heuristic prediction of RNA secondary structures including pseudoknots},
journal = {RNA},
volume = {11},
number = {10},
pages = {1494-1504},
year = {2005},
}

@article{Andronescu2010,
author = {M. S. Andronescu and C. Pop and A. E. Condon},
title = {Improved free energy parameters for RNA pseudoknotted secondary structure prediction},
journal = {RNA},
volume = {16},
number = {1},
pages = {26-42},
year = {2010},
}

R.M. Dirks and N.A. Pierce. (2003) A partition function algorithm for nucleic acid secondary structure including pseudoknots. J Comput Chem, 24, 1664-1677

@article{Dirks2003,
author = {R.M. Dirks and N.A. Pierce},
title = {A partition function algorithm for nucleic acid secondary structure including pseudoknots},
journal = {Journal of Computational Chemistry},
volume = {24},
number = {13},
pages = {1664-1677},
year = {2003},
}
@InProceedings{Zhang2012,
  author    = {B. Zhang and D. Yehdego and K. Johnson and M.-Y. Leung and M. Taufer},
  title     = {A modularized MapReduce framework to support RNA secondary structure prediction and analysis workflows},
  booktitle = {Proceedings of the 2012 Computational Structural Bioinformatics Workshop},
  month     = {October},
  year      = {2012},

}

